<collection xmlns="http://www.loc.gov/MARC21/slim">
<record>
  <leader>01194nam0a22002651i 450 </leader>
  <controlfield tag="001">IT\ICCU\CNCE\075630</controlfield>
  <controlfield tag="005">20150710000000.0</controlfield>
  <datafield tag="012" ind1=" " ind2=" ">
    <subfield code="a">s.r* s.ni u.en DeDo (3) 1541 (R)</subfield>
    <subfield code="2">fei</subfield>
  </datafield>
  <datafield tag="100" ind1=" " ind2=" ">
    <subfield code="a">20110211d1541        0itac0103    ba</subfield>
  </datafield>
  <datafield tag="101" ind1=" " ind2=" ">
    <subfield code="a">LAT</subfield>
  </datafield>
  <datafield tag="102" ind1=" " ind2=" ">
    <subfield code="a">IT</subfield>
  </datafield>
  <datafield tag="200" ind1="1" ind2=" ">
    <subfield code="a">℗Venturini Vasolli Fiuizanensis ℗Epigrammatum sylua, ad reuerendiss. Marcum Vigerium ...</subfield>
  </datafield>
  <datafield tag="210" ind1=" " ind2=" ">
    <subfield code="a">Ticini</subfield>
    <subfield code="c">apud Ioannem Mariam Simonetam</subfield>
    <subfield code="d">1541</subfield>
  </datafield>
  <datafield tag="215" ind1=" " ind2=" ">
    <subfield code="a">54 c.</subfield>
    <subfield code="d">4ʻ</subfield>
  </datafield>
  <datafield tag="620" ind1=" " ind2=" ">
    <subfield code="a">IT</subfield>
    <subfield code="d">Pavia</subfield>
  </datafield>
  <datafield tag="700" ind1=" " ind2="1">
    <subfield code="a">Vasoli,</subfield>
    <subfield code="b">Venturino</subfield>
    <subfield code="3">IT\ICCU\CNCA\009354</subfield>
  </datafield>
  <datafield tag="712" ind1="0" ind2="0">
    <subfield code="a">Simonetta, Giovanni Maria</subfield>
    <subfield code="3">IT\ICCU\CNCT\000183</subfield>
    <subfield code="4">650</subfield>
  </datafield>
  <datafield tag="790" ind1=" " ind2="1">
    <subfield code="a">Vasolio,</subfield>
    <subfield code="b">Venturino</subfield>
    <subfield code="3">IT\ICCU\CNCA\024633</subfield>
    <subfield code="z">Vasoli, Venturino</subfield>
  </datafield>
  <datafield tag="791" ind1="0" ind2="0">
    <subfield code="a">Simonettis, Ioannes Maria de</subfield>
    <subfield code="3">IT\ICCU\CNCT\004098</subfield>
    <subfield code="z">Simonetta, Giovanni Maria</subfield>
  </datafield>
  <datafield tag="791" ind1="0" ind2="0">
    <subfield code="a">Simonetus, Ioannes Maria</subfield>
    <subfield code="3">IT\ICCU\CNCT\004099</subfield>
    <subfield code="z">Simonetta, Giovanni Maria</subfield>
  </datafield>
  <datafield tag="791" ind1="0" ind2="0">
    <subfield code="a">Simonetti, Giovanni Maria de</subfield>
    <subfield code="3">IT\ICCU\CNCT\005676</subfield>
    <subfield code="z">Simonetta, Giovanni Maria</subfield>
  </datafield>
  <datafield tag="791" ind1="0" ind2="0">
    <subfield code="a">Simoneta, Giovanni Maria</subfield>
    <subfield code="3">IT\ICCU\CNCT\005677</subfield>
    <subfield code="z">Simonetta, Giovanni Maria</subfield>
  </datafield>
  <datafield tag="801" ind1=" " ind2="3">
    <subfield code="a">IT</subfield>
    <subfield code="b">ICCU</subfield>
    <subfield code="c">20201115</subfield>
  </datafield>
  <datafield tag="899" ind1=" " ind2=" ">
    <subfield code="a">Biblioteca universitaria. Bologna</subfield>
    <subfield code="1">BO0098</subfield>
    <subfield code="2">UBO BU</subfield>
  </datafield>
  <datafield tag="899" ind1=" " ind2=" ">
    <subfield code="a">Biblioteca comunale Augusta. Perugia</subfield>
    <subfield code="z">MUTILO</subfield>
    <subfield code="1">PG0109</subfield>
    <subfield code="2">UM1 01</subfield>
  </datafield>
</record>
</collection>
